@article{review2020,
author = {N. Al-Mhiqan and Mohammed and Ahmad, Rabiah and Zainal Abidin, Zaheera and Mohamed, Warusia and Hassan, Aslinda and Abdulkareem, Karrar and Ali, Nabeel and Yunos, Zahri},
year = {2020},
month = {07},
pages = {1-41},
title = {A Review of Insider Threat Detection: Classification, Machine Learning Techniques, Datasets, Open Challenges, and Recommendations},
volume = {10},
journal = {Applied Sciences},
doi = {10.3390/app10155208}
}

@techreport{ponemon ,
author = {Ponemon Institute},
title = {2020 Cost of Insider Threats: Global Report},
series = {Technical Report},
volume = {31},
publisher = {Ponemon Institute},
address = {New York NY},
year = {2020}
}

@techreport{gartner,
author = {Gorka Sadowski and Jonathan Care and Neil MacDonald and Henrique Teixeira},
title = {Market Guide for User and Entity Behavior Analytics},
publisher = {Gartner},
address = {New York NY},
day = {21},
month = {05},
year = {2019}
}

@techreport{gartner2,
author = {Kelly Kavanagh and Toby Bussa and Gorka Sadowski},
title = {Magic Quadrant for Security Information and Event Management},
publisher = {Gartner},
address = {New York NY},
day = {18},
month = {02},
year = {2020}
}

@ONLINE{ibm_uba,
title = {IBM QRadar User Behavior Analytics},
url = {https://www.ibm.com/products/qradar-user-behavior-analytics}
}

@techreport{ibm_tech,
author = {Chris Kissel},
title = {IBM QRadar 7.3.1 with UBA 3.0},
publisher = {An IDC Lab Validation Brief},
address = {New York NY},
month = {March},
year = {2019}
}

@techreport{splunk_tech,
title = {White paper: Splunk Integrated Behavior Analytics},
publisher = {Splunk},
year = {2020}
}